<record><leader>00000cas a2200000 a 4500</leader><controlfield tag="001">12727811</controlfield><controlfield tag="008">851028d18891891ksuwr ne      0    0eng d</controlfield><datafield ind1=" " ind2=" " tag="010"><subfield code="a">sn 85066713 </subfield></datafield><datafield ind1=" " ind2=" " tag="040"><subfield code="a">KSH</subfield><subfield code="b">eng</subfield><subfield code="c">KSH</subfield><subfield code="d">NPT</subfield><subfield code="d">OCL</subfield><subfield code="d">OCLCQ</subfield></datafield><datafield ind1=" " ind2=" " tag="042"><subfield code="a">msc</subfield></datafield><datafield ind1="0" ind2="4" tag="245"><subfield code="a">The Selkirk graphic.</subfield></datafield><datafield ind1=" " ind2=" " tag="260"><subfield code="a">Selkirk, Kan. :</subfield><subfield code="b">E.P. &amp; E.L. Stephenson,</subfield><subfield code="c">1889-</subfield></datafield><datafield ind1=" " ind2=" " tag="300"><subfield code="a">v. ;</subfield><subfield code="c">56 cm.</subfield></datafield><datafield ind1=" " ind2=" " tag="310"><subfield code="a">Weekly</subfield></datafield><datafield ind1="0" ind2=" " tag="362"><subfield code="a">Vol. 1, no. 1 (Sept. 26, 1889)-</subfield></datafield><datafield ind1="1" ind2=" " tag="362"><subfield code="a">Ceased with Apr. 30, 1891 issue?</subfield></datafield><datafield ind1=" " ind2=" " tag="580"><subfield code="a">Continues: Garden City graphic (non-extant).</subfield></datafield><datafield ind1=" " ind2=" " tag="752"><subfield code="a">United States</subfield><subfield code="b">Kansas</subfield><subfield code="c">Wichita</subfield><subfield code="d">Selkirk.</subfield></datafield><datafield ind1="1" ind2="0" tag="780"><subfield code="t">Garden City graphic</subfield></datafield><datafield ind1="1" ind2=" " tag="029"><subfield code="a">AU@</subfield><subfield code="b">000022170097</subfield></datafield></record>